<?xml version="1.0" encoding="UTF-8"?><collection xmlns="http://www.loc.gov/MARC21/slim"><record><leader>00449nam--2200181-i-4500</leader><controlfield tag="001">000016767</controlfield><controlfield tag="002">20161230</controlfield><controlfield tag="005">20170115224950</controlfield><controlfield tag="008">060222s1000------------r-----000-0-eng-d</controlfield><datafield ind1=" " ind2=" " tag="080"><subfield code="a">517.957</subfield></datafield><datafield ind1="1" ind2=" " tag="100"><subfield code="a">Pike, E. R</subfield></datafield><datafield ind1="1" ind2="0" tag="245"><subfield code="a">Chaos, noise and fractals</subfield></datafield><datafield ind1=" " ind2=" " tag="260"><subfield code="a">Bristol</subfield><subfield code="b">Adam Hilger</subfield><subfield code="c">1987</subfield></datafield><datafield ind1=" " ind2=" " tag="300"><subfield code="a">XIII+245 p</subfield></datafield><datafield ind1=" " ind2=" " tag="490"><subfield code="a">Malsvers Physics Series</subfield></datafield><datafield ind1=" " ind2=" " tag="700"><subfield code="a">Lugiato, L. A</subfield></datafield><datafield ind1=" " ind2=" " tag="852"><subfield code="a">74805</subfield><subfield code="c">517.9</subfield></datafield><datafield ind1=" " ind2=" " tag="CAT"><subfield code="a">SYS</subfield><subfield code="c">20170115</subfield><subfield code="h">224950</subfield></datafield></record></collection>